<?xml version="1.0" encoding="UTF-8" ?>
<collection xmlns:xsi="http://www.w3.org/2001/XMLSchema-instance" xsi:schemaLocation="http://www.loc.gov/MARC21/slim http://www.loc.gov/standards/marcxml/schema/MARC21slim.xsd" xmlns="http://www.loc.gov/MARC21/slim">
   <record>
      <leader>     cam a22     1  4500</leader>
      <controlfield tag="001">4085966</controlfield>
      <controlfield tag="003">NIC</controlfield>
      <controlfield tag="005">20130331090637.0</controlfield>
      <controlfield tag="008">010704s1891    ua            000|0 ara  </controlfield>
      <datafield tag="010" ind1=" " ind2=" ">
         <subfield code="a">   60032288 </subfield>
      </datafield>
      <datafield tag="035" ind1=" " ind2=" ">
         <subfield code="a">(OCoLC)23498944</subfield>
      </datafield>
      <datafield tag="035" ind1=" " ind2=" ">
         <subfield code="a">4085966</subfield>
      </datafield>
      <datafield tag="040" ind1=" " ind2=" ">
         <subfield code="a">DLC</subfield>
         <subfield code="c">MH-L</subfield>
         <subfield code="d">MH-L</subfield>
         <subfield code="d">UkOxU</subfield>
      </datafield>
      <datafield tag="050" ind1="0" ind2="0">
         <subfield code="a">BP130.4</subfield>
         <subfield code="b">.Z3 1891</subfield>
      </datafield>
      <datafield tag="100" ind1="1" ind2=" ">
         <subfield code="a">Zamakhsharī, Maḥmūd ibn ʻUmar,</subfield>
         <subfield code="d">1075-1144.</subfield>
      </datafield>
      <datafield tag="245" ind1="1" ind2="3">
         <subfield code="a">al-Kashshāf ʻan ḥaqāʼiq al-tanzīl wa-ʻuyūn al-aqāwīl fī wujūh al-taʼwīl /</subfield>
         <subfield code="c">li-Abī al-Qāsim jār Allāh Maḥmūd ibn ʻUmar al-Zamakhsharī al-khawārizmī. Wa-maʻahu al-ḥāshiyah al-fāʼiqah dhāt al-maʻānī al-bāhirah wa-al-taqārīr al-rāʼiqah / lil-ʻālim al-ʻallāmah al-Sayyid al-sharīf al-muḥaqqiq ʻAlī ibn Muḥammad ibn ʻAlī al-Sayyid Zayn al-Dīn Abī al-Ḥasan al-Ḥusaynī al-Jurjānī. Wa-bi-al-hāmish al-kitāb al-jalīl al-musammá bi-al-Intiṣāf / lil-Imām Nāsir al-Dīn Aḥmad ibn Muḥammad ibn al-Munīr al-Iskandarī al-Mālikī. Wa-bi-al-hāmish ayḍan al-Qurʼān al-ʻaẓīm bi-tamāmihi. Wa-qad dhuyyila bi-kitāb tanzīl al-āyāt ʻalá al-shawāhid min al-abyāt / li-Muḥibb al-Dīn Afandī, wa-huwa sharḥ mūjaz balīgh ʻalá abyāt shawāhid al-kashshāf.</subfield>
      </datafield>
      <datafield tag="260" ind1=" " ind2=" ">
         <subfield code="a">Būlāq :</subfield>
         <subfield code="b">Maṭbaʻat Muḥammad Muṣṭafá,</subfield>
         <subfield code="c">1308 [1891]</subfield>
      </datafield>
      <datafield tag="300" ind1=" " ind2=" ">
         <subfield code="a">v. ;</subfield>
         <subfield code="c">28 cm.</subfield>
      </datafield>
      <datafield tag="500" ind1=" " ind2=" ">
         <subfield code="a">Text of al-Kashshāf edited by Ibrāhīm al-Dasūqī.</subfield>
      </datafield>
      <datafield tag="630" ind1="0" ind2="0">
         <subfield code="a">Qurʼan</subfield>
         <subfield code="v">Commentaries.</subfield>
      </datafield>
      <datafield tag="700" ind1="1" ind2=" ">
         <subfield code="a">Jurjānī, ʻAlī ibn Muḥammad,</subfield>
         <subfield code="c">al-Sayyid al-Sharīf,</subfield>
         <subfield code="d">1340-1413.</subfield>
      </datafield>
      <datafield tag="700" ind1="1" ind2="2">
         <subfield code="a">Ibn al-Munayyir, Aḥmad ibn Muḥammad,</subfield>
         <subfield code="d">1223-1284.</subfield>
         <subfield code="t">Intiṣāf.</subfield>
      </datafield>
      <datafield tag="700" ind1="1" ind2="2">
         <subfield code="a">Muḥibb al-Dīn Muḥammad ibn Abī Bakr,</subfield>
         <subfield code="d">1542 or 1543-1607 or 1608.</subfield>
         <subfield code="t">Tanzīl al-āyāt ʻalā al-shawāhid min al-abyāt.</subfield>
      </datafield>
      <datafield tag="948" ind1="0" ind2=" ">
         <subfield code="a">20010928</subfield>
         <subfield code="b">i</subfield>
         <subfield code="d">ah16</subfield>
         <subfield code="e">cts</subfield>
      </datafield>
      <datafield tag="948" ind1="1" ind2=" ">
         <subfield code="a">20010928</subfield>
         <subfield code="b">c</subfield>
         <subfield code="d">ah16</subfield>
         <subfield code="e">cts</subfield>
      </datafield>
      <datafield tag="948" ind1="2" ind2=" ">
         <subfield code="a">20021007</subfield>
         <subfield code="b">m</subfield>
         <subfield code="d">plc26</subfield>
         <subfield code="e">cts</subfield>
      </datafield>
      <datafield tag="948" ind1="2" ind2=" ">
         <subfield code="a">20021105</subfield>
         <subfield code="b">x</subfield>
         <subfield code="d">bmt1</subfield>
         <subfield code="e">cts</subfield>
      </datafield>
      <datafield tag="948" ind1="2" ind2=" ">
         <subfield code="a">20030908</subfield>
         <subfield code="b">w</subfield>
         <subfield code="d">cac2</subfield>
         <subfield code="e">cts</subfield>
         <subfield code="x">2</subfield>
      </datafield>
      <datafield tag="948" ind1="2" ind2=" ">
         <subfield code="a">20030908</subfield>
         <subfield code="b">a</subfield>
         <subfield code="d">cac2</subfield>
         <subfield code="e">cts</subfield>
      </datafield>
      <datafield tag="948" ind1="2" ind2=" ">
         <subfield code="a">20100622</subfield>
         <subfield code="b">m</subfield>
         <subfield code="d">batch</subfield>
         <subfield code="e">lts</subfield>
         <subfield code="x">del9XXtxt</subfield>
      </datafield>
      <datafield tag="995" ind1=" " ind2=" ">
         <subfield code="a">Hivolm</subfield>
         <subfield code="d">20100622</subfield>
      </datafield>
      <datafield tag="903" ind1=" " ind2=" ">
         <subfield code="a">NYUACO</subfield>
         <subfield code="d">20140514</subfield>
         <subfield code="p">31924097311835</subfield>
      </datafield>
      <datafield tag="950" ind1=" " ind2=" ">
         <subfield code="a">Oversize</subfield>
         <subfield code="b">BP130.4 .Z23 1891a +</subfield>
         <subfield code="v">v.1 </subfield>
      </datafield>
      <datafield tag="903" ind1=" " ind2=" ">
         <subfield code="a">NYUACO</subfield>
         <subfield code="d">20140514</subfield>
         <subfield code="p">31924097311843</subfield>
      </datafield>
      <datafield tag="950" ind1=" " ind2=" ">
         <subfield code="a">Oversize</subfield>
         <subfield code="b">BP130.4 .Z23 1891a +</subfield>
         <subfield code="v">v.2 </subfield>
      </datafield>
   </record>
</collection>
